ilari@standalone03.20102:1741250988